% https://en.wikibooks.org/wiki/LaTeX/Bibliography_Management#biblatex 

@misc{bib:upes:wikipedia,
      author = "Wikipedia",
      title = "University of Petroleum and Energy Studies --- Wikipedia{,} The Free Encyclopedia",
      year = "2016",
      url = "https://en.wikipedia.org/w/index.php?title=University_of_Petroleum_and_Energy_Studies&oldid=730470995",
      note = "[Online; accessed 31-July-2016]"
}

@misc{bib:upes:site,
      author = "UPES",
      title = "UPES, The Nation Builders University",
      year = "2016",
      url = "http://www.upes.ac.in/",
      note = "[Online; accessed 31-July-2016]"
}

@misc{bib:upes:map,
      author = "Wikipedia",
      title = "Garhwali people --- Wikipedia{,} The Free Encyclopedia",
      year = "2016",
      url = "https://en.wikipedia.org/w/index.php?title=Garhwali_people&oldid=726299013",
      note = "[Online; accessed 31-July-2016]"
}

@misc{bib:laureate:site,
      author = "Laureate International Universities",
      title = "Laureate International Universities website",
      year = "2016",
      url = "http://www.laureate.net/AboutLaureate",
      note = "[Online; accessed 31-July-2016]"
}







@article{bib:niharika,
      author = "Niharika SINGH",
      title = "A self learning system for autonomus navigation", 
      month = "August",
      year = "2015",
      keywords = "robotics,AI,", 
}

@book{Russell:2010:AIM,
      author = {Stuart J. Russell and Peter Norvig},
      title = {Artificial Intelligence - {A} Modern Approach {(3.} internat. ed.)},
      publisher = {Pearson Education},
      year = {2010},
      url = {http://www.cin.ufpe.br/~tfl2/artificial-intelligence-modern-approach.9780131038059.25368.pdf},
      isbn = {978-0-13-207148-2},
      timestamp = {Fri, 04 Feb 2011 09:56:38 +0100},
      biburl = {http://dblp.uni-trier.de/rec/bib/books/daglib/0023820},
      bibsource = {dblp computer science bibliography, http://dblp.org}
}







@misc{bib:image:ColorModel,
      author = "Wikipedia",
      title = "Color Model",
      month = "July",
      year = 2016,
      url = "https://en.wikipedia.org/wiki/Color_model", 
      keywords = "image,color",
}

@misc{bib:image:Threshold,
      author = "Wikipedia",
      title = "Thresholding (image processing)",
      month = "July",
      year = 2016,
      url = "https://en.wikipedia.org/wiki/Thresholding_(image_processing)", 
      keywords = "image,threshold",
}


@misc{bib:pattern:Visitor,
      author = "Wikipedia",
      title = "Visitor pattern",
      month = "July",
      year = 2016,
      url = "https://en.wikipedia.org/wiki/Visitor_pattern", 
      keywords = "diagram,pattern,visitor",
}




@article{bib:ia:ReinforcementLearningInRobotic,
      author = "Jeans KOBER and J. Andrew BAGNELL and Jan PETERS",
      title = "Reinforcement Learning in Robotics : A Survey", 
      month = "July",
      year = 2013,
      url = "http://www.ias.tu-darmstadt.de/uploads/Publications/Kober_IJRR_2013.pdf",
      keywords = "learning,robotics,AI", 
}




@article{bib:filter:ComparisonGaussianAndButterworth,
      author = "Ayush Dogra and Dr. Manjeet Singh Patterh",
      title = "Performance Comparison of Gaussian and Butterworth High Pass Filters",
      month = "July",
      year = 2013,
      issn = "2319-3344",
      keywords = "gaussian,butterworth,filter" 
}




@article{bib:filter:EdgeWithCLAP,
      title = "3{D} edge detection of medical images using mathematical morphological and cellular logic array processing techniques",
      author =  "G. Ramesh Chandra and Towheed Sultana and G. Sathya and E. G. Rajan",
      publisher = "IEEE",
      year = "2012",
      bibdate = "2012-12-18",
      bibsource = "DBLP,http://dblp.uni-trier.de/db/conf/smc/smc2012.html#ChandraSSR12",
      booktitle = "SMC",
      ISBN = "978-1-4673-1713-9",
      pages = "2156--2160",
      URL = "http://ieeexplore.ieee.org/xpl/mostRecentIssue.jsp?punumber=6362338",
      keywords = "edge,clap,morphology"  
}


@article{bib:filter:CA,
  title =   "New Image Noise Reduction Schemes Based on Cellular
             Automata",
  author =  "Biswapati jana and Pabitra Pal and Jaydeb Bhaumik",
  publisher = "International Journal of Soft Computing \& Engineering",
  year = "2012",
  abstract = "This paper presents noise filtering technique of noisy
             image using cellular automata (CA). Two new approaches
             to reduce noise form a noisy image have been proposed.
             In the first approach, difference values of Moore
             neighbors form center pixel are calculated, then sorted
             in ascending order and the center pixel value is
             updated depending on the present pixel values using CA
             rule. In second approach, all pixels value of Moore
             neighbor including center pixel are sorted in ascending
             order. Then the minimum and maximum values are
             eliminated form sorted pixel values and the center
             pixel value is updated using CA rule. Results are
             compared with other existing filtering technique in
             terms of Peak Signal to Noise Ratio ( PSNR). This
             comparisons shows that a filter based on CA provides
             significant improvements over the standard filtering
             methods.",
  ISSN =    "22312307",
  bibsource = "OAI-PMH server at www.doaj.org",
  oai = "oai:doaj-articles:a8ab60a2d8a3ed8f6cf01faabe876f6c",
  source =  "International Journal of Soft Computing \&
             Engineering",
  subject = "Cellular Automata (CA); Image processing; Noise
             reduction; Peak signal-to-noise ratio (PSNR).",
  URL = "http://citeseerx.ist.psu.edu/viewdoc/download;jsessionid=2E890850614FF9E3C0EA1C7535E95A5D?doi=10.1.1.462.5465&rep=rep1&type=pdf;
         https://www.researchgate.net/publication/256465500_New_Image_Noise_Reduction_Schemes_Based_on_Cellular_Automata",
}





@article{bib:symbolic:SymbolicComputing,
      author = "E. G. RAJAN",
      title = "Symbolic Computing, signal and image processing", 
      year = "2003",
      keywords = "RT,rajan,symbolic computing",
}


@article{bib:symbolic:RajanTransform,
      author = "E. G. RAJAN",
      title = "Rajan Transform and its Uses in Pattern Recognition", 
      month = "June",
      year = "2006",
      url = "http://citeseerx.ist.psu.edu/viewdoc/download?doi=10.1.1.180.8418&rep=rep1&type=pdf",
      keywords = "RT,STRT,rajan,symbolic computing", 
}




@article{bib:classification:3DMeasureWithTofCamera,
      author = "Hongshan Yu and Jiang Zhu and Yaonan Wang and Wenyan Jia and Mingui Sun and Yandong Tang",
      title = "Obstacle Classification and 3D Measurement in Unstructured Environments Based on ToF Cameras",
      month = "February",
      year = 2014,
      issn = "1424-8220", 
      url = "http://www.ncbi.nlm.nih.gov/pmc/articles/PMC4118419/pdf/sensors-14-10753.pdf", 
      keywords = "classification,tof,3d",
}


@article{bib:chain:ParametreGeometriqueChaineFreeman,
      author = "Xavier Trouillot",
      title = "Etude de parametres geometriques a partir du code de Freeman",
      institution = "HAL", 
      month = "June",
      year = 2010,
      url = "https://tel.archives-ouvertes.fr/tel-00496290/document", 
      keywords = "chainCode,chain,freeman,feature,extraction",
}

@book{bib:chain:DigitalImageProcessing,
      author = "Bernd Jähne",
      title = "Digital Image Processing",
      month = "January",
      year = 2002,
      isbn = "3-540-67754-2", 
      url = "http://cgrava.webhost.uoradea.ro/teaching/PAI/documentatie/Jahne_Digital_Image_Processing.pdf", 
      keywords = "feature,extraction,chain,freeman,chainCode",
}



@book{bib:chain:ShapeDescription,
      author = "Ioannis Pitas",
      title = "Digital Image Processing Algorithms And Applications",
      chapter = "7 (Shape Description)",
      year = 1998,
      url = "http://poseidon.csd.auth.gr/LAB_PUBLICATIONS/Books/dip_material/chapter_7/chap7en.pdf", 
      keywords = "feature,extraction,chain,freeman,chainCode,shape",
}

@misc{bib:chain:ShapeRepresentationDescription,
      author = "Ingela Nyström",
      title = "Shape Representation and Description",
      year = 2002,
      url = "http://www.cb.uu.se/~ingela/Teaching/ImageAnalysis/Shape2002.pdf", 
      keywords = "feature,extraction,chain,freeman,chainCode,shape",
}


@misc{bib:chain:ShapeDescriptionContours,
      author = "A. Albu",
      title = "Shape description contours",
      month = "January",
      year = 2009,
      url = "http://www.ece.uvic.ca/~aalbu/computer%20vision%202009/Lecture%2022.%20Shape%20description-contours.pdf", 
      keywords = "feature,extraction,chain,freeman,chainCode,shape",
}


@misc{bib:chain:ShapeDescriptionLesson,
      author = "Bryan S. Morse",
      title = "Shape description (contours)",
      month = "January",
      year = 2000,
      url = "http://homepages.inf.ed.ac.uk/rbf/CVonline/LOCAL_COPIES/MORSE/boundary-rep-desc.pdf", 
      keywords = "feature,extraction,chain,freeman,chainCode,shape",
}


@article{bib:chain:EstimateAreasAndPerimetersChainCode,
      author = "Luren Yang and Fritz Albregtsen and Tor Lgnnestad and Per Grgttum",
      title = "Methods to Estimate Areas and Perimeters of Blob-like Objects : a comparison",
      month = "December",
      year = 1994,
      url = "http://www.mva-org.jp/Proceedings/CommemorativeDVD/1994/papers/1994272.pdf", 
      keywords = "chainCode,chain,freeman,feature,extraction",
}

@misc{bib:chain:ObjectDescription,
      author = "Anne Solberg",
      title = "Object Description - Shape Feature Extraction",
      month = "October",
      year = 2015,
      url = "https://www.uio.no/studier/emner/matnat/ifi/INF4300/h15/undervisningsmateriale/inf4300-2015-f06-description.pdf
", 
      keywords = "feature,extraction,chain,freeman,chainCode,shape",
}


@misc{bib:chain:RepresentationAndDescription,
      author = "Dr. Ruigang Yang",
      title = "Representation and Description",
      month = "August",
      year = 2016,
      url = "http://www.vis.uky.edu/~ryang/teaching/cs635-2016spring/Lectures/16-representation.pdf", 
      keywords = "feature,extraction,chain,freeman,chainCode,shape",
}


@misc{bib:extraction:definition,
      author = "Wikipedia",
      title = "Feature (computer vision)",
      month = "July",
      year = 2016,
      url = "https://en.wikipedia.org/wiki/Feature_(computer_vision)", 
      keywords = "feature",
}

@book{bib:extraction:FeatureExtractionAndImageProcessing,
      author = "Mark S. Nixon and Alberto S. Aguado",
      title = "Feature Extraction and Image Processing",
      month = "January",
      year = 2008,
      isbn = "978-0-12372-538-7", 
      url = "https://www.ppgia.pucpr.br/~facon/ComputerVisionBooks/2002FeatureExtractionAndImageProcessing.pdf", 
      keywords = "extraction,feature",
}


@article{bib:extraction:ExtractionTechniques,
      author = "Ryszard S. Chora",
      title = "Image Feature Extraction Techniques and Their Applications for CBIR and Biometrics Systems",
      month = "January",
      year = 2007,
      url = "http://www.naun.org/main/NAUN/bio/bio-2.pdf", 
      keywords = "feature,extraction,chainCode,chain",
}

@article{bib:extraction:LocalInvariantFeatureDescriptor,
      author = "Tinne Tuytelaars and Krystian Mikolajczyk",
      title = "Local Invariant Feature Detectors: A Survey",
      month = "January",
      year = 2008,
      url = "http://epubs.surrey.ac.uk/726872/1/Tuytelaars-FGV-2008.pdf", 
      keywords = "feature,extraction,fast,surf",
}




@article{bib:clustering:ImageSegmentationWithKMeans,
      author = "Nameirakpam Dhanachandra and Khumanthem Manglem and Yambem Jina Chanu",
      title = "Image Segmentation using K-means Clustering Algorithm and Subtractive Clustering Algorithm",
      month = "June",
      year = 2015,
      url = " http://ac.els-cdn.com/S1877050915014143/1-s2.0-S1877050915014143-main.pdf?_tid=8b23ff38-3a38-11e6-af84-00000aacb35e&acdnat=1466792700_cabdd669205dcb0ccf0b541478d24de4",
      keywords = "clustering,kmeans"  
}

@book{bib:clustering:AnalyseDesDonnees,
      author = "Philippe Peter",
      title = "Analyse des Données",
      institution = "Polytech' Nantes",
      month = "December",
      year = 2015, 
      keywords = "kmeans,cah,clustering"  
}




@misc{bib:optimisation:ArtificialBeeColonyAlgo,
      author = "Srideepa Banerjee and Akansha Bharadwaj and Daya Gupta and & V.K. Panchal",
      title = "Remote Sensing Image Classification Using Artificial Bee Colony Algorithm",
      month = "January",
      year = 2012,
      issn = "2231–5292", 
      url = "http://www.interscience.in/IJCSI_Vol2Iss3/67-72.pdf",
      keywords = "AI,abc,optimisation"  
} 




@misc{bib:labelme,
      author = "MIT, Computer Science and Artificial Intelligence Laboratory.",
      title = "LabelMe website",
      year = "2016",
      url = "http://labelme2.csail.mit.edu/Release3.0/index.php?message=1", 
      note = "[Online; accessed 10-August-2016]"
}

