
@article{bib:reinforcement_learning_in_robotics,
      author = "Jeans KOBER, and J. Andrew BAGNELL, and Jan PETERS",
      title = "Reinforcement Learning in Robotics : A Survey", 
      month = "July",
      year = "2013",
      url = "http://www.ias.tu-darmstadt.de/uploads/Publications/Kober_IJRR_2013.pdf",
      keywords = "learning,robotics,AI", 
},

@article{bib:performance_comparaison_gaussian_butterworth_filter,
      author = "Ayush Dogra, and Dr. Manjeet Singh Patterh",
      title = "Performance Comparison of Gaussian and Butterworth High Pass Filters", 
      month = "August",
      year = "2013",
},

@article{bib:symbolic_computing,
      author = "E. G. RAJAN",
      title = "Symbolic Computing, signal and image processing", 
      year = "2003",
},


@article{bib:rajan_transformation,
      author = "E. G. RAJAN",
      title = "Rajan Transform and its Uses in Pattern Recognition", 
      month = "June",
      year = "2006",
      url = "http://citeseerx.ist.psu.edu/viewdoc/download?doi=10.1.1.180.8418&rep=rep1&type=pdf",
},
